
@book{Kriesi2008,
  doi = {10.1017/cbo9780511790720},
  url = {https://doi.org/10.1017/cbo9780511790720},
  year = {2008},
  month = sep,
  publisher = {Cambridge University Press},
  author = {Hanspeter Kriesi and Edgar Grande and Romain Lachat and Martin Dolezal and Simon Bornschier and Timotheos Frey},
  title = {West European Politics in the Age of Globalization}
}

@book{Lazarsfeld1968,
  doi = {10.7312/laza93930},
  url = {https://doi.org/10.7312/laza93930},
  year = {1968},
  month = dec,
  publisher = {Columbia University Press},
  author = {Paul F. Lazarsfeld and Bernard Berelson and Hazel Gaudet},
  title = {The People'S Choice}
}

@article{DeMarzo2003,
  doi = {10.1162/00335530360698469},
  url = {https://doi.org/10.1162/00335530360698469},
  year = {2003},
  month = aug,
  publisher = {Oxford University Press ({OUP})},
  volume = {118},
  number = {3},
  pages = {909--968},
  author = {P. M. DeMarzo and D. Vayanos and J. Zwiebel},
  title = {Persuasion Bias,  Social Influence,  and Unidimensional Opinions},
  journal = {The Quarterly Journal of Economics}
}

@incollection{Bray1987,
  doi = {10.1007/978-1-349-07239-2_19},
  url = {https://doi.org/10.1007/978-1-349-07239-2_19},
  year = {1987},
  publisher = {Palgrave Macmillan {UK}},
  pages = {597--625},
  author = {Margaret Bray and David M. Kreps},
  title = {Rational Learning and Rational Expectations},
  booktitle = {Arrow and the Ascent of Modern Economic Theory}
}