
 @Book{powner2015,
    author = {Leanne C Powner},
    title = {Empirical Research and Writing: A Political Science Student's Practical Guide.},
    publisher = {SAGE Publications},
    year = {2015},
    isbn = {9781483369631},
  }
  
  
  @book{mayhew2005divided,
  title={Divided we govern: Party control, lawmaking and investigations, 1946-2002},
  author={Mayhew, David R},
  year={2005},
  publisher={Yale University Press},
  url = {https://campuspress.yale.edu/davidmayhew/datasets-divided-we-govern/}
}