@data{dataset_harvard,
author = {Piston, Spencer},
publisher = {Harvard Dataverse},
title = {{Replication Data for: Clifford and Piston Disgust and Opinion about Homelessness Policy}},
UNF = {UNF:6:m6y8FQ4HA8BlwKhi3D3cTw==},
year = {2016},
version = {V1},
doi = {10.7910/DVN/V9DNG8},
url = {https://doi.org/10.7910/DVN/V9DNG8}
}